<?xml version="1.0" encoding="UTF-8"?><record xmlns="http://www.loc.gov/MARC21/slim" xmlns:cinclude="http://apache.org/cocoon/include/1.0" xmlns:zs="http://www.loc.gov/zing/srw/">
  <leader>00676cz  a2200181n  4500</leader>
  <controlfield tag="001">nr 96039632 </controlfield>
  <controlfield tag="003">DLC</controlfield>
  <controlfield tag="005">20080822080700.0</controlfield>
  <controlfield tag="008">961104nc acannaabn          |b ana      </controlfield>
  <datafield tag="010" ind1=" " ind2=" ">
    <subfield code="a">nr 96039632 </subfield>
  </datafield>
  <datafield tag="035" ind1=" " ind2=" ">
    <subfield code="a">(OCoLC)oca04203943</subfield>
  </datafield>
  <datafield tag="040" ind1=" " ind2=" ">
    <subfield code="a">DLC-R</subfield>
    <subfield code="b">eng</subfield>
    <subfield code="c">DLC-R</subfield>
    <subfield code="d">OCoLC</subfield>
  </datafield>
  <datafield tag="110" ind1="2" ind2=" ">
    <subfield code="a">Zhong gong Huayin Shi wei.</subfield>
    <subfield code="b">Zu zhi bu</subfield>
  </datafield>
  <datafield tag="410" ind1="2" ind2=" ">
    <subfield code="w">nnea</subfield>
    <subfield code="a">Chung kung Hua-yin shih wei.</subfield>
    <subfield code="b">Tsu chih pu</subfield>
  </datafield>
  <datafield tag="410" ind1="2" ind2=" ">
    <subfield code="a">中共华阴市委.</subfield>
    <subfield code="b">组织部</subfield>
  </datafield>
  <datafield tag="667" ind1=" " ind2=" ">
    <subfield code="a">Machine-derived non-Latin script reference project.</subfield>
  </datafield>
  <datafield tag="667" ind1=" " ind2=" ">
    <subfield code="a">Non-Latin script reference not evaluated.</subfield>
  </datafield>
  <datafield tag="670" ind1=" " ind2=" ">
    <subfield code="a">Chung-kuo kung chʻan tang Shan-hsi sheng Hua-yin hsien ..., 1993:</subfield>
    <subfield code="b">t.p. (Chung kung Hua-yin shih wei tsu chih pu)</subfield>
  </datafield>
</record>